@article{peeples2019data,
  title={What the data say about police shootings.},
  author={Peeples, Lynne},
  journal={Nature},
  volume={573},
  number={7772},
  pages={24--27},
  year={2019},
  publisher={Nature Publishing Group}
}

@misc{peeples2020data,
  title={What the data say about police brutality and racial bias—and which reforms might work},
  author={Peeples, Lynne},
  year={2020},
  publisher={Nature Publishing Group}
}

@article{richardson2019dirty,
  title={Dirty data, bad predictions: How civil rights violations impact police data, predictive policing systems, and justice},
  author={Richardson, Rashida and Schultz, Jason M and Crawford, Kate},
  journal={NYUL Rev. Online},
  volume={94},
  pages={15},
  year={2019},
  publisher={HeinOnline}
}

@article{sloane2019ai,
  title={AI’s social sciences deficit},
  author={Sloane, Mona and Moss, Emanuel},
  journal={Nature Machine Intelligence},
  volume={1},
  number={8},
  pages={330--331},
  year={2019},
  publisher={Nature Publishing Group}
}

@inproceedings{d2020fairness,
  title={Fairness is not static: deeper understanding of long term fairness via simulation studies},
  author={D'Amour, Alexander and Srinivasan, Hansa and Atwood, James and Baljekar, Pallavi and Sculley, D and Halpern, Yoni},
  booktitle={Proceedings of the 2020 Conference on Fairness, Accountability, and Transparency},
  pages={525--534},
  year={2020}
}

@inproceedings{veale2018fairness,
  title={Fairness and accountability design needs for algorithmic support in high-stakes public sector decision-making},
  author={Veale, Michael and Van Kleek, Max and Binns, Reuben},
  booktitle={Proceedings of the 2018 chi conference on human factors in computing systems},
  pages={1--14},
  year={2018}
}

@article{ba2021role,
  title={The role of officer race and gender in police-civilian interactions in Chicago},
  author={Ba, Bocar A and Knox, Dean and Mummolo, Jonathan and Rivera, Roman},
  journal={Science},
  volume={371},
  number={6530},
  pages={696--702},
  year={2021},
  publisher={American Association for the Advancement of Science}
}